@book{ВсМО,
  title={Задачи Всесоюзных математических олимпиад},
  author={Васильев, Н. Б. and Егоров, А. А.},
  year={1988},
  address={М.},
  publisher={Наука}
}

@book{ВсеРос2007,
  title={Всероссийские олимпиады школьников по математике 1993--2006. Окружной и финальный этапы},
  author={Агаханов, Н. Х. and Богданов, И. И.  and Кожевников, П. А.  and Подлипский, О. К.  and Терёшин, Д. А. },
  address={М.},
  publisher={МЦНМО},
  year={2007}
}

@book{зарубежные,
  title={Зарубежные математические олимпиады},
  editor={Сергеев, И. Н.},
  year={1987},
  address={М.},
  publisher={Наука}
}

@book{матсоревнования,
  title={Математические соревнования: Арифметика и алгебра},
  author={Дынкин, Е. Б. and Станислав, С. А. and Розенталь, А. Л.},
  year={1970},
  address={М.},
  publisher={Наука.}
}


@book{сборникМ,
  title={Сборник задач московских математических олимпиад},
  author={Леман, А. А.},
  address={М.}, 
  publisher={Просвещение},
  year={1965}
}

@article{МосковскиеМО,
  title={Московские математические олимпиады},
  author={Гальперин, Г. А. and Толпыго, А. К.},
  journal={М.: Просвещение},
  year={1986}
}

@misc{the-book,
  title={Доказательства из Книги. Лучшие доказательства со времен Евклида до наших дней},
  author={Айгнер, М. and Циглер, Г.},
  year={2014},
  address={М.},
  publisher={Бином}
}

@book {guy,
    AUTHOR = {Guy, R.},
     TITLE = {Unsolved problems in number theory},
    SERIES = {Problem Books in Mathematics},
   EDITION = {Third},
 PUBLISHER = {Springer-Verlag, New York},
      YEAR = {2004},
      ISBN = {0-387-20860-7},
   MRCLASS = {11-01 (11-02)},
  MRNUMBER = {2076335},
MRREVIEWER = {Greg Martin},
       DOI = {10.1007/978-0-387-26677-0},
       URL = {https://doi.org/10.1007/978-0-387-26677-0},
}

@online{problems,
title={Задачи},
url={https://www.problems.ru/}
}
